<record><leader>00000cas a22000007a 4500</leader><controlfield tag="001">10416420</controlfield><controlfield tag="008">840215d18601916meuwr ne      0    0eng d</controlfield><datafield ind1=" " ind2=" " tag="010"><subfield code="a">sn 84022476 </subfield></datafield><datafield ind1=" " ind2=" " tag="040"><subfield code="a">NPX</subfield><subfield code="b">eng</subfield><subfield code="c">NPX</subfield><subfield code="d">NPU</subfield><subfield code="d">MBN</subfield><subfield code="d">OCL</subfield><subfield code="d">OCLCQ</subfield><subfield code="d">OCLCF</subfield><subfield code="d">OCLCO</subfield></datafield><datafield ind1=" " ind2=" " tag="042"><subfield code="a">msc</subfield></datafield><datafield ind1=" " ind2=" " tag="043"><subfield code="a">n-us-me</subfield></datafield><datafield ind1="0" ind2="0" tag="245"><subfield code="a">Aroostook times.</subfield></datafield><datafield ind1=" " ind2=" " tag="260"><subfield code="a">Houlton, Me. :</subfield><subfield code="b">Theo. Cary</subfield></datafield><datafield ind1=" " ind2=" " tag="300"><subfield code="a">v.</subfield></datafield><datafield ind1=" " ind2=" " tag="310"><subfield code="a">Weekly</subfield></datafield><datafield ind1="0" ind2=" " tag="362"><subfield code="a">Vol. 1, no. 1 (Apr. 13, 1860)-v. 56, no. 52 (Dec. 27, 1916).</subfield></datafield><datafield ind1=" " ind2=" " tag="500"><subfield code="a">Editor: T. Cary, 1860-&lt;1876&gt;.</subfield></datafield><datafield ind1=" " ind2=" " tag="500"><subfield code="a">"Independent."</subfield></datafield><datafield ind1=" " ind2=" " tag="500"><subfield code="a">"First paper ever printed at Houlton." Cf. Griffin, J. Hist. of the press of Maine, 1872.</subfield></datafield><datafield ind1=" " ind2="0" tag="651"><subfield code="a">Houlton (Me.)</subfield><subfield code="v">Newspapers.</subfield></datafield><datafield ind1=" " ind2="7" tag="655"><subfield code="a">Newspapers.</subfield><subfield code="2">fast</subfield><subfield code="0">(OCoLC)fst01423814</subfield></datafield><datafield ind1=" " ind2="7" tag="651"><subfield code="a">Maine</subfield><subfield code="z">Houlton.</subfield><subfield code="2">fast</subfield><subfield code="0">(OCoLC)fst01218393</subfield></datafield><datafield ind1="1" ind2=" " tag="700"><subfield code="a">Cary, Theodore,</subfield><subfield code="d">1835-1902.</subfield></datafield><datafield ind1=" " ind2=" " tag="752"><subfield code="a">United States</subfield><subfield code="b">Maine</subfield><subfield code="c">Aroostook</subfield><subfield code="d">Houlton.</subfield></datafield><datafield ind1="0" ind2="0" tag="785"><subfield code="t">Houlton times</subfield></datafield></record>